@article{Peaceman1978Interpretation,
	author = {Peaceman, D.W.},
	journal = {Society of Petroleum Engineers Journal},
	number = 03,
	title = {Interpretation of Well-Block Pressures in Numerical Reservoir Simulation},
	volume = 18,
	year = 1978
}

@article{Peaceman1983Interpretation,
	author = {Peaceman, D.W.},
	journal = {Society of Petroleum Engineers Journal},
	number = 03,
	pages = {531-543},
	title = {Interpretation of Well-Block Pressures in Numerical Reservoir Simulation With Nonsquare Grid Blocks and Anisotropic Permeability},
	volume = 23,
	year = 1983
}

@article{Peaceman2003New,
	author = {Peaceman, D.W.},
	booktitle = {Proceedings of the SPE Reservoir Simulation Symposium, 3-5 February, Houston, Texas},
	organization = {SPE},
	publisher = {Society of Petroleum Engineers},
	title = {A New Method for Calculating Well Indexes for Multiple Wellblocks with Arbitrary Rates in Numerical Reservoir Simulation},
	year = 2003
}
